@Article{Coleman1973,
  author    = {Coleman, Sidney and Weinberg, Erick},
  journal   = {Phys. Rev. D},
  title     = {Radiative Corrections as the Origin of Spontaneous Symmetry Breaking},
  year      = {1973},
  month     = {Mar},
  pages     = {1888--1910},
  volume    = {7},
  doi       = {10.1103/PhysRevD.7.1888},
  issue     = {6},
  numpages  = {0},
  publisher = {American Physical Society},
  url       = {https://link.aps.org/doi/10.1103/PhysRevD.7.1888},
}

@Comment{jabref-meta: databaseType:bibtex;}
